
@article{degroot1974,
   Author = {DeGroot, Morris H},
   Title = {Reaching a consensus},
   Journal = {Journal of the American Statistical association},
   Volume = {69},
   Number = {345},
   Pages = {118-121},
      Year = {1974} }




@article{hegselmann2002,
   Author = {Hegselmann, Rainer and Krause, Ulrich},
   Title = {Opinion dynamics and bounded confidence intervals},
   Journal = {Journal of Artificial Societies and Social Simulation},
   Volume = {5},
   Number = {3},
      Year = {2002} }




@article{hansen2021,
   Author = {Hansen, Jakob and Ghrist, Robert},
   Title = {Opinion dynamics on discourse sheaves},
   Journal = {SIAM Journal on Applied Mathematics},
   Volume = {81},
   Number = {5},
   Pages = {2033-2060},
      Year = {2021} }




@inproceedings{ghirst2022,
   Author = {Ghrist, Robert},
   Title = {Network SheafModels for Social Information Dynamics},
   BookTitle = {2022 IEEE 8th International Conference on Collaboration and Internet Computing (CIC)},
   Pages = {31-37},
      Year = {2022} }




@inproceedings{riess2022,
   Author = {Riess, Hans and Ghrist, Robert},
   Title = {Diffusion of Information on Networked Lattices by Gossip},
   BookTitle = {2022 IEEE Conference on Decision and Control (CDC)},
   Address= {Cancun, Mexico},
      Year = {2022} }




@article{ghrist2022,
   Author = {Ghrist, Robert and Riess, Hans},
   Title = {Cellular sheaves of lattices and the Tarski Laplacian},
   Journal = {Homology, Homotopy and Applications},
   Volume = {24},
   Number = {1},
   Pages = {325-345},
      Year = {2022} }




@article{edelman1982,
   Author = {Edelman, Paul H. and Klingsberg, Paul},
   Title = {The Subposet Lattice and the Order Polynomial},
   Journal = {European Journal of Combinatorics},
   Volume = {3},
   Number = {4},
   Pages = {341-346},
      Year = {1982} }




@article{lutskanov2015,
   Author = {Lutskanov, Rosen},
   Title = {Rational choice and meta-preferences},
   Journal = {Papers of Bulgarian Academy of Science: Humanities and Social Science},
   Volume = {2},
   Number = {3-4},
      Year = {2015} }




@book{arrow2012,
   Author = {Arrow, Kenneth J},
   Title = {Social choice and individual values},
   Publisher = {Yale university press},
   Volume = {12},
      Year = {2012} }




@book{gruneyanoff2009,
   Author = {Grune-Yanoff, Till and Hansson, Sven Ove},
   Title = {Preference Change: Approaches from Philosophy, Economics and Psychology},
   Publisher = {Springer},
   Address = {Dordrecht},
      Year = {2009} }




@article{hansen1995,
   Author = {Hansson, Sven Ove},
   Title = {Changes in preferences},
   Journal = {Theory and Decision},
   Volume = {38},
   Number = {1},
   Pages = {1-28},
      Year = {1995} }




@article{gibbard1973,
   Author = {Gibbard, Allan},
   Title = {Manipulation of voting schemes: a general result},
   Journal = {Econometrica: journal of the Econometric Society},
   Pages = {587-601},
      Year = {1973} }




@article{satterthwaite1975,
   Author = {Satterthwaite, Mark Allen},
   Title = {Strategy-proofness and Arrow's conditions: Existence and correspondence theorems for voting procedures and social welfare functions},
   Journal = {Journal of economic theory},
   Volume = {10},
   Number = {2},
   Pages = {187-217},
      Year = {1975} }




@inproceedings{zavlanos2008,
   Author = {Zavlanos, Michael M and Spesivtsev, Leonid and Pappas, George J},
   Title = {A distributed auction algorithm for the assignment problem},
   BookTitle = {2008 47th IEEE Conference on Decision and Control},
   Publisher = {IEEE},
   Pages = {1212-1217},
      Year = {2008} }




@article{wang2019,
   Author = {Wang, Shuai and Ding, Wenwen and Li, Juanjuan and Yuan, Yong and Ouyang, Liwei and Wang, Fei-Yue},
   Title = {Decentralized autonomous organizations: Concept, model, and applications},
   Journal = {IEEE Transactions on Computational Social Systems},
   Volume = {6},
   Number = {5},
   Pages = {870-878},
      Year = {2019} }




@article{chambers2011,
   Author = {Chambers, Christopher P and Miller, Alan D},
   Title = {Rules for aggregating information},
   Journal = {Social Choice and Welfare},
   Volume = {36},
   Number = {1},
   Pages = {75-82},
      Year = {2011} }




@article{eliaz2006,
   Author = {Eliaz, Kifur and Ok, Eliaz},
   Title = {Indifference or indecisiveness? Choice-theoretic foundations of incomplete preferences},
   Journal = {Games and Economic Behavior},
   Volume = {56},
   Pages = {61-86},
      Year = {2006} }




@misc{munger2019,
   Author = {Munger, Michael},
   Title = {What preferences do you want?},
         Year = {2019} }




@article{ibarz2018,
   Author = {Ibarz, Borja and Leike, Jan and Pohlen, Tobias and Irving, Geoffrey and Legg, Shane and Amodei, Dario},
   Title = {Reward learning from human preferences and demonstrations in atari},
   Journal = {Advances in neural information processing systems},
   Volume = {31},
      Year = {2018} }




@article{christiano2017,
   Author = {Christiano, Paul F and Leike, Jan and Brown, Tom and Martic, Miljan and Legg, Shane and Amodei, Dario},
   Title = {Deep reinforcement learning from human preferences},
   Journal = {Advances in neural information processing systems},
   Volume = {30},
      Year = {2017} }



@InCollection{hansson2022,
	author       =	{Hansson, Sven Ove and Grüne-Yanoff, Till},
	title        =	{{Preferences}},
	booktitle    =	{The {Stanford} Encyclopedia of Philosophy},
	editor       =	{Edward N. Zalta},
	howpublished =	{\url{https://plato.stanford.edu/archives/spr2022/entries/preferences/}},
	year         =	{2022},
	edition      =	{{S}pring 2022},
	publisher    =	{Metaphysics Research Lab, Stanford University}
}

@inproceedings{huang2021,
   Author = {Huang, Chao and Luo, Wenhao and Liu, Rui},
   Title = {Meta preference learning for fast user adaptation in human-supervisory multi-robot deployments},
   BookTitle = {2021 IEEE/RSJ International Conference on Intelligent Robots and Systems (IROS)},
   Publisher = {IEEE},
   Pages = {5851-5856},
      Year = {2021} }




@inproceedings{pan2022,
   Author = {Pan, Alexander and Bhatia, Kush and Steinhardt, Jacob},
   Title = {The Effects of Reward Misspecification: Mapping and Mitigating Misaligned Models},
   BookTitle = {International Conference on Learning Representations (ICLR)},
      Year = {2022} }




@book{levi1990,
   Author = {Levi, Isaac},
   Title = {Hard choices: Decision making under unresolved conflict},
   Publisher = {Cambridge University Press},
      Year = {1990} }




@article{tversky1969,
   Author = {Tversky, Amos},
   Title = {Intransitivities of preferences},
   Journal = {Psychological Review},
   Volume = {76},
   Number = {1},
   Pages = {31-48},
      Year = {1969} }




@article{wirth2017,
   Author = {Wirth, Christian and Akrour, Riad and Neumann, Gerhard and Fürnkranz, Johannes},
   Title = {A survey of preference-based reinforcement learning methods},
   Journal = {Journal of Machine Learning Research},
   Volume = {18},
   Number = {136},
   Pages = {1-46},
      Year = {2017} }




@article{Beardon2002,
   Author = {Beardon, Alan F and Candeal, Juan C and Herden, Gerhard and Induráin, Esteban and Mehta, Ghanshyam B},
   Title = {The non-existence of a utility function and the structure of non-representable preference relations},
   Journal = {Journal of Mathematical Economics},
   Volume = {37},
   Number = {1},
   Pages = {17-38},
      Year = {2002} }


@article{stigler1977,
   Author = {Stigler, George J and Becker, Gary S},
   Title = {De gustibus non est disputandum},
   Journal = {The american economic review},
   Volume = {67},
   Number = {2},
   Pages = {76-90},
      Year = {1977} }




@incollection{furnkranz2010,
   Author = {Fürnkranz, Johannes and Hüllermeier, Eyke},
   Title = {Preference learning and ranking by pairwise comparison},
   BookTitle = {Preference learning},
   Publisher = {Springer},
   Pages = {65-82},
      Year = {2010} }




@article{jiang2011,
   Author = {Jiang, Xiaoye and Lim, Lek-Heng and Yao, Yuan and Ye, Yinyu},
   Title = {Statistical ranking and combinatorial Hodge theory},
   Journal = {Mathematical Programming},
   Volume = {127},
   Number = {1},
   Pages = {203-244},
      Year = {2011} }




@article{denzau1994,
   Author = {Denzau, Arthur T and North, Douglass C},
   Title = {Shared mental models: ideologies and institutions},
   Journal = {Kyklos},
   Volume = {47},
      Year = {1994} }




@article{tarski1941,
   Author = {Tarski, Alfred},
   Title = {On the Calculus of Relations},
   Journal = {The Journal of Symbolic Logic},
   Volume = {6},
   Number = {3},
   Pages = {73-89},
      Year = {1941} }



@book{birkhoff1940,
  title={Lattice theory},
  author={Birkhoff, Garrett},
  volume={25},
  year={1940},
  publisher={American Mathematical Soc.}
}

@MISC{vanname2021,
    TITLE = {Medians in lattice theory},
    AUTHOR = {Joseph Van Name (https://mathoverflow.net/users/22277/joseph-van-name)},
    HOWPUBLISHED = {MathOverflow},
    NOTE = {URL:https://mathoverflow.net/q/405400 (version: 2021-10-03)},
    EPRINT = {https://mathoverflow.net/q/405400},
    URL = {https://mathoverflow.net/q/405400}
}

@book{buchanan1965calculus,
  title={The calculus of consent: Logical foundations of constitutional democracy},
  author={Buchanan, James M and Tullock, Gordon},
  volume={100},
  year={1965},
  publisher={University of Michigan press}
}


@book{roman2008,
   Author = {Roman, Steven},
   Title = {Lattices and ordered sets},
   Publisher = {Springer},
      Year = {2008} }


@article{tarski1955,
   Author = {Tarski, Alfred},
   Title = {A lattice-theoretical fixpoint theorem and its applications},
   Journal = {Pacific journal of Mathematics},
   Volume = {5},
   Number = {2},
   Pages = {285-309},
      Year = {1955} }


@inproceedings{kim2003,
   Author = {Kim, Jeong Han and Vu, Van H},
   Title = {Generating random regular graphs},
   BookTitle = {Proceedings of the thirty-fifth annual ACM symposium on Theory of computing},
   Pages = {213-222},
      Year = {2003} }








